<record><leader>00000cas a22000007a 4500</leader><controlfield tag="001">29822468</controlfield><controlfield tag="008">940216c19899999gauwr ne      0   a0eng d</controlfield><datafield ind1=" " ind2=" " tag="010"><subfield code="a">sn 91074158 </subfield></datafield><datafield ind1=" " ind2=" " tag="040"><subfield code="a">NLG</subfield><subfield code="b">eng</subfield><subfield code="c">NLG</subfield><subfield code="d">NSD</subfield><subfield code="d">OCLCQ</subfield><subfield code="d">GUA</subfield><subfield code="d">OCLCQ</subfield><subfield code="d">OCLCO</subfield></datafield><datafield ind1=" " ind2=" " tag="012"><subfield code="m">0</subfield></datafield><datafield ind1="1" ind2=" " tag="022"><subfield code="a">1074-987X</subfield><subfield code="l">1074-987X</subfield><subfield code="2">1</subfield></datafield><datafield ind1="1" ind2=" " tag="029"><subfield code="a">AU@</subfield><subfield code="b">000025874765</subfield></datafield><datafield ind1=" " ind2=" " tag="042"><subfield code="a">msc</subfield><subfield code="a">nsdp</subfield></datafield><datafield ind1=" " ind2=" " tag="043"><subfield code="a">n-us-ga</subfield></datafield><datafield ind1="0" ind2=" " tag="130"><subfield code="a">Madison County journal (Hull, Ga.)</subfield></datafield><datafield ind1=" " ind2="4" tag="222"><subfield code="a">The Madison County journal</subfield><subfield code="b">(Hull, Ga.)</subfield></datafield><datafield ind1="1" ind2="4" tag="245"><subfield code="a">The Madison County journal.</subfield></datafield><datafield ind1=" " ind2=" " tag="260"><subfield code="a">Hull, Ga. :</subfield><subfield code="b">Frank Gillespie Enterprises,</subfield><subfield code="c">[1989]-</subfield></datafield><datafield ind1=" " ind2=" " tag="300"><subfield code="a">v.</subfield></datafield><datafield ind1=" " ind2=" " tag="310"><subfield code="a">Weekly,</subfield><subfield code="b">July 1990-</subfield></datafield><datafield ind1=" " ind2=" " tag="321"><subfield code="a">Biweekly,</subfield><subfield code="b">1989-June 1990</subfield></datafield><datafield ind1="0" ind2=" " tag="362"><subfield code="a">Vol. 4, no. 2 (Jan. 24, 1988 [i.e. 1989])-</subfield></datafield><datafield ind1=" " ind2=" " tag="500"><subfield code="a">Published: Hull, Ga. : Dogsboro Pub. Inc., July 10, 1990-&lt;Sept. 25, 1996&gt;; Jefferson, Ga. : MainStreet Newspapers, Inc., &lt;Apr. 1, 1998-&gt;</subfield></datafield><datafield ind1=" " ind2="0" tag="651"><subfield code="a">Hull (Ga.)</subfield><subfield code="v">Newspapers.</subfield></datafield><datafield ind1=" " ind2="0" tag="651"><subfield code="a">Madison County (Ga.)</subfield><subfield code="v">Newspapers.</subfield></datafield><datafield ind1=" " ind2=" " tag="752"><subfield code="a">United States</subfield><subfield code="b">Georgia</subfield><subfield code="c">Madison</subfield><subfield code="d">Hull.</subfield></datafield><datafield ind1=" " ind2=" " tag="752"><subfield code="a">United States</subfield><subfield code="b">Georgia</subfield><subfield code="c">Jackson</subfield><subfield code="d">Jefferson.</subfield></datafield><datafield ind1="0" ind2="0" tag="780"><subfield code="t">Dogsboro journal</subfield><subfield code="w">(DLC)sn 90052123</subfield><subfield code="w">(OCoLC)20988403</subfield></datafield><datafield ind1="0" ind2="5" tag="780"><subfield code="t">Danielsville monitor</subfield><subfield code="g">2006</subfield><subfield code="w">(DLC)sn 89053317</subfield><subfield code="w">(OCoLC)19957122</subfield></datafield></record>